
@Misc{ThalerBookZKP,
  OPTkey = 	 {},
  author = 	 {Justin, Thaler},
  title = 	 {Proofs, Arguments, and Zero-Knowledge},
  howpublished = {\url{https://people.cs.georgetown.edu/jthaler/ProofsArgsAndZK.pdf}},
  OPTmonth = 	 {},
  OPTyear = 	 {2022},
  OPTnote = 	 {},
  OPTannote = 	 {}
}


@article{boneh2020graduate,
  title={A graduate course in applied cryptography},
  author={Boneh, Dan and Shoup, Victor},
  journal={Draft 0.5},
  year={2020}
}

@article{goldreich2005foundations,
  title={Foundations of cryptography--a primer},
  author={Goldreich, Oded and others},
  journal={Foundations and Trends{\textregistered} in Theoretical Computer Science},
  volume={1},
  number={1},
  pages={1--116},
  year={2005},
  publisher={Now Publishers, Inc.}
}

@Misc{boneh2023zkmooc,
  OPTkey = 	 {},
  author = 	 {Dan, Boneh},
  title = 	 {Berkeley Mooc on Zero Knowledge Proof},
  howpublished = {\url{https://zk-learning.org/assets/lecture5-2023.pdf}},
  OPTmonth = 	 {},
  OPTyear = 	 {2023},
  OPTnote = 	 {},
  OPTannote = 	 {}
}


@article{pearson2022plonkup,
  title={Plonkup: Reconciling plonk with plookup},
  author={Pearson, Luke and Fitzgerald, Joshua and Masip, H{\'e}ctor and Bell{\'e}s-Mu{\~n}oz, Marta and Mu{\~n}oz-Tapia, Jose Luis},
  journal={Cryptology ePrint Archive},
  year={2022}
}

@article{gabizon2019plonk,
  title={Plonk: Permutations over lagrange-bases for oecumenical noninteractive arguments of knowledge},
  author={Gabizon, Ariel and Williamson, Zachary J and Ciobotaru, Oana},
  journal={Cryptology ePrint Archive},
  year={2019}
}


@article{chen2022hyperplonk,
  title={HyperPlonk: Plonk with Linear-Time Prover and High-Degree Custom Gates},
  author={Chen, Binyi and B{\"u}nz, Benedikt and Boneh, Dan and Zhang, Zhenfei},
  journal={Cryptology ePrint Archive},
  year={2022}
}


